@book{mitra2010,
  title={Digital Signal Processing with Student CD ROM},
  author={Mitra, S.},
  isbn={9780077366766},
  lccn={2010019560},
  url={http://books.google.fi/books?id=ilhcPgAACAAJ},
  year={2010},
  publisher={McGraw-Hill Education}
}

@misc{wiskari2010,
  title={Tuntematon potilas xxx url},
  author={Wiskari, Arttu},
  url={http://youtu.be/97DwMIf7_lI},
  year={2010}
}
